[gd_scene load_steps=8 format=2]

[ext_resource path="res://ball.gd" type="Script" id=1]
[ext_resource path="res://images/breakout_pieces.png" type="Texture" id=2]
[ext_resource path="res://audio/doot.wav" type="AudioStream" id=3]
[ext_resource path="res://audio/ugh.wav" type="AudioStream" id=4]
[ext_resource path="res://lost_ball.gd" type="Script" id=5]

[sub_resource type="PhysicsMaterial" id=1]
friction = 0.0
bounce = 1.0

[sub_resource type="CircleShape2D" id=2]
radius = 4.08925

[node name="ball" type="RigidBody2D" groups=[
"ball",
]]
mass = 0.00102041
physics_material_override = SubResource( 1 )
gravity_scale = 0.0
linear_damp = 0.0
angular_damp = 0.0
script = ExtResource( 1 )

[node name="CollisionShape2D" type="CollisionShape2D" parent="."]
scale = Vector2( 2, 2 )
shape = SubResource( 2 )

[node name="Sprite" type="Sprite" parent="CollisionShape2D"]
texture = ExtResource( 2 )
region_enabled = true
region_rect = Rect2( 57, 136, 8, 8 )

[node name="doot" type="AudioStreamPlayer2D" parent="."]
stream = ExtResource( 3 )
pitch_scale = 2.0

[node name="ugh" type="AudioStreamPlayer2D" parent="."]
stream = ExtResource( 4 )

[node name="lost_ball" type="Timer" parent="."]
wait_time = 3.0
one_shot = true
script = ExtResource( 5 )

[connection signal="body_entered" from="." to="." method="_on_ball_body_entered"]
[connection signal="timeout" from="lost_ball" to="lost_ball" method="_on_lost_ball_timeout"]
